@inproceedings{AES_CUDA,
	author = {Abdelrahman, Ahmed and Fouad, Mohamed and Dahshan, Hisham and Mousa, Ahmed},
	year = {2017},
	month = {07},
	pages = {},
	title = {High Performance CUDA AES Implementation: A Quantitative Performance Analysis Approach},
	doi = {10.1109/SAI.2017.8252225}
}

@inproceedings{AES_Pascal,
	author = {Abdelrahman, Ahmed and Fouad, Mohamed and Salama, Gouda and Dahshan, Hisham},
	year = {2018},
	month = {10},
	pages = {},
	title = {Enhancing the Actual Throughput of the AES Algorithm on the Pascal GPU Architecture},
	doi = {10.1109/ICSRS.2018.8688724}
}

@inproceedings{RSA_CUDA,
	author = {Lin, Yu-Shiang and Lin, Chun-Yuan and Lou, Der-Chyuan},
	year = {2012},
	month = {01},
	pages = {},
	title = {Efficient Parallel RSA Decryption Algorithm for Many-core GPUs with CUDA}
}

@misc{cuPQC,
	title = {NVIDIA cuPQC},
	url = {https://developer.nvidia.com/cupqc},
}

@misc{cuPQC_Blog,
	title = {Make It So: Software Speeds Journey to Post-Quantum Cryptography},
	url = {https://blogs.nvidia.com/blog/cupqc-quantum-cryptography/},
}


